<collection xmlns="http://www.loc.gov/MARC21/slim">
   <record>
      <leader>03563cam a2200481 i 4500</leader>
      <controlfield tag="001">6799027</controlfield>
      <controlfield tag="003">OCoLC</controlfield>
      <controlfield tag="005">20150120142844.0</controlfield>
      <controlfield tag="008">140527t20152015mau      b    001 0deng  </controlfield>
      <datafield ind1=" " ind2=" " tag="010">
         <subfield code="a">  2014005879</subfield>
      </datafield>
      <datafield ind1=" " ind2=" " tag="015">
         <subfield code="a">GBB500776</subfield>
         <subfield code="2">bnb</subfield>
      </datafield>
      <datafield ind1="7" ind2=" " tag="016">
         <subfield code="a">017000804</subfield>
         <subfield code="2">Uk</subfield>
      </datafield>
      <datafield ind1=" " ind2=" " tag="020">
         <subfield code="a">9780674368163 (alkaline paper)</subfield>
      </datafield>
      <datafield ind1=" " ind2=" " tag="020">
         <subfield code="a">0674368169 (alkaline paper)</subfield>
      </datafield>
      <datafield ind1=" " ind2=" " tag="040">
         <subfield code="a">DLC</subfield>
         <subfield code="b">eng</subfield>
         <subfield code="e">rda</subfield>
         <subfield code="c">DLC</subfield>
         <subfield code="d">YDXCP</subfield>
         <subfield code="d">BTCTA</subfield>
         <subfield code="d">BDX</subfield>
         <subfield code="d">OCLCO</subfield>
         <subfield code="d">OCLCF</subfield>
         <subfield code="d">UKMGB</subfield>
         <subfield code="d">NDD</subfield>
         <subfield code="d">UAB</subfield>
         <subfield code="d">AEU</subfield>
      </datafield>
      <datafield ind1=" " ind2=" " tag="042">
         <subfield code="a">pcc</subfield>
      </datafield>
      <datafield ind1=" " ind2=" " tag="043">
         <subfield code="a">n-us---</subfield>
      </datafield>
      <datafield ind1="0" ind2="0" tag="050">
         <subfield code="a">E457.2</subfield>
         <subfield code="b">.K37 2015</subfield>
      </datafield>
      <datafield ind1="0" ind2="0" tag="082">
         <subfield code="a">973.7092</subfield>
         <subfield code="2">23</subfield>
      </datafield>
      <datafield ind1=" " ind2=" " tag="090">
         <subfield code="a">E 457.2 K37 2015</subfield>
         <subfield code="b">AEU</subfield>
      </datafield>
      <datafield ind1="1" ind2=" " tag="100">
         <subfield code="a">Kateb, George,</subfield>
         <subfield code="e">author.</subfield>
         <subfield code="0">http://id.loc.gov/authorities/names/n83056652</subfield>
         <subfield code="0">http://viaf.org/viaf/19767684</subfield>
      </datafield>
      <datafield ind1="1" ind2="0" tag="245">
         <subfield code="a">Lincoln's political thought /</subfield>
         <subfield code="c">George Kateb.</subfield>
      </datafield>
      <datafield ind1=" " ind2="1" tag="264">
         <subfield code="a">Cambridge, Massachusetts :</subfield>
         <subfield code="b">Harvard University Press,</subfield>
         <subfield code="c">2015.</subfield>
      </datafield>
      <datafield ind1=" " ind2="4" tag="264">
         <subfield code="c">©2015</subfield>
      </datafield>
      <datafield ind1=" " ind2=" " tag="300">
         <subfield code="a">xiii, 236 pages ;</subfield>
         <subfield code="c">22 cm</subfield>
      </datafield>
      <datafield ind1=" " ind2=" " tag="336">
         <subfield code="a">text</subfield>
         <subfield code="b">txt</subfield>
         <subfield code="2">rdacontent</subfield>
         <subfield code="0">http://id.loc.gov/vocabulary/contentTypes/txt</subfield>
      </datafield>
      <datafield ind1=" " ind2=" " tag="337">
         <subfield code="a">unmediated</subfield>
         <subfield code="b">n</subfield>
         <subfield code="2">rdamedia</subfield>
         <subfield code="0">http://id.loc.gov/vocabulary/mediaTypes/n</subfield>
      </datafield>
      <datafield ind1=" " ind2=" " tag="338">
         <subfield code="a">volume</subfield>
         <subfield code="b">nc</subfield>
         <subfield code="2">rdacarrier</subfield>
         <subfield code="0">http://id.loc.gov/vocabulary/carriers/nc</subfield>
      </datafield>
      <datafield ind1=" " ind2=" " tag="504">
         <subfield code="a">Includes bibliographical references and index.</subfield>
      </datafield>
      <datafield ind1="0" ind2=" " tag="505">
         <subfield code="a">The period of Lincoln -- Lincoln as a writer -- Lincoln's political religion of human equality -- Race and human equality -- Lincoln and the Constitution -- Civil War : Lincoln's doctrine of military necessity -- Lincoln's world outlook.</subfield>
      </datafield>
      <datafield ind1="2" ind2=" " tag="520">
         <subfield code="a">"The book concentrates on Lincoln's political ideas. His speeches, messages, and letters were powerful and concise; they are of lasting theoretical interest and repay close attentive reading. Lincoln's words repay close interpretative reading because he was not always straightforward, and he was unusually complex. The book is about the meanings of his memorable words, especially his Second Inaugural address, and also considers those moments of truth that burst through Lincoln's political caution. In addition, the book takes up Lincoln's troubled justification for unconstitutional constitutionalism, in his unprecedented suspension of the writ of habeas corpus, and examines some reservations toward the claimed military necessity for its justification. Always present in the background was the national crisis over slavery from 1850 to 1865. The book aims to show that Lincoln's success in achieving power came from a deliberate and at times artful moderation"--Provided by publisher.</subfield>
      </datafield>
      <datafield ind1=" " ind2=" " tag="596">
         <subfield code="a">16</subfield>
      </datafield>
      <datafield ind1="1" ind2="0" tag="600">
         <subfield code="a">Lincoln, Abraham,</subfield>
         <subfield code="d">1809-1865</subfield>
         <subfield code="x">Political and social views.</subfield>
         <subfield code="0">http://id.loc.gov/authorities/names/n79006779</subfield>
      </datafield>
      <datafield ind1="1" ind2="0" tag="600">
         <subfield code="a">Lincoln, Abraham,</subfield>
         <subfield code="d">1809-1865</subfield>
         <subfield code="x">Philosophy.</subfield>
         <subfield code="0">http://id.loc.gov/authorities/names/n79006779</subfield>
      </datafield>
      <datafield ind1="1" ind2="0" tag="600">
         <subfield code="a">Lincoln, Abraham,</subfield>
         <subfield code="d">1809-1865</subfield>
         <subfield code="x">Oratory.</subfield>
         <subfield code="0">http://id.loc.gov/authorities/names/n79006779</subfield>
      </datafield>
      <datafield ind1=" " ind2="0" tag="650">
         <subfield code="a">Slavery</subfield>
         <subfield code="x">Political aspects</subfield>
         <subfield code="z">United States</subfield>
         <subfield code="x">History</subfield>
         <subfield code="y">19th century.</subfield>
         <subfield code="0">http://id.loc.gov/authorities/subjects/sh2010113257</subfield>
      </datafield>
      <datafield ind1=" " ind2="0" tag="650">
         <subfield code="a">Political science</subfield>
         <subfield code="z">United States</subfield>
         <subfield code="x">History</subfield>
         <subfield code="y">19th century.</subfield>
      </datafield>
      <datafield ind1=" " ind2="0" tag="651">
         <subfield code="a">United States</subfield>
         <subfield code="x">Politics and government</subfield>
         <subfield code="y">1861-1865.</subfield>
         <subfield code="0">http://id.loc.gov/authorities/subjects/sh85140441</subfield>
      </datafield>
      <datafield ind1=" " ind2="0" tag="651">
         <subfield code="a">United States</subfield>
         <subfield code="x">History</subfield>
         <subfield code="y">Civil War, 1861-1865.</subfield>
         <subfield code="0">http://id.loc.gov/authorities/subjects/sh85140205</subfield>
      </datafield>
      <datafield ind1=" " ind2=" " tag="758">
         <subfield code="0">http://worldcat.org/entity/work/id/24505014</subfield>
      </datafield>
      <datafield ind1="0" ind2=" " tag="787">
         <subfield code="n">OCLC Work Id</subfield>
         <subfield code="o">http://worldcat.org/entity/work/id/24505014</subfield>
      </datafield>
      <datafield ind1=" " ind2=" " tag="949">
         <subfield code="a">E 457.2 K37 2015</subfield>
         <subfield code="c">1</subfield>
         <subfield code="h">UAAU-B</subfield>
         <subfield code="i">0162035232733</subfield>
      </datafield>
      <datafield ind1=" " ind2=" " tag="926">
         <subfield code="a">E 457.2 K37 2015</subfield>
         <subfield code="w">LC</subfield>
         <subfield code="c">1</subfield>
         <subfield code="i">0162034577872</subfield>
         <subfield code="d">9/30/2015</subfield>
         <subfield code="e">9/27/2015</subfield>
         <subfield code="l">ON_SHELF</subfield>
         <subfield code="m">UAAUG</subfield>
         <subfield code="n">4</subfield>
         <subfield code="p">$150.00</subfield>
         <subfield code="r">Y</subfield>
         <subfield code="s">Y</subfield>
         <subfield code="t">BOOK</subfield>
         <subfield code="u">2/4/2015</subfield>
      </datafield>
   </record>
</collection>
